<record><leader>00000cas a22000007a 4500</leader><controlfield tag="001">25298854</controlfield><controlfield tag="008">920219d19051928wyuwr ne      0    0eng d</controlfield><datafield ind1=" " ind2=" " tag="010"><subfield code="a">sn 92066947 </subfield></datafield><datafield ind1=" " ind2=" " tag="040"><subfield code="a">NVO</subfield><subfield code="b">eng</subfield><subfield code="c">NVO</subfield><subfield code="d">OCLCQ</subfield></datafield><datafield ind1=" " ind2=" " tag="042"><subfield code="a">msc</subfield></datafield><datafield ind1="0" ind2="0" tag="245"><subfield code="a">Basin Republican.</subfield></datafield><datafield ind1=" " ind2=" " tag="260"><subfield code="a">Basin, Big Horn County, Wyo. :</subfield><subfield code="b">Phillips &amp; Co.</subfield></datafield><datafield ind1=" " ind2=" " tag="300"><subfield code="a">v.</subfield></datafield><datafield ind1=" " ind2=" " tag="310"><subfield code="a">Weekly</subfield></datafield><datafield ind1="0" ind2=" " tag="362"><subfield code="a">Vol. 1, no. 1 (May 17, 1905)-v. 23, no. 49 (May 31, 1928).</subfield></datafield><datafield ind1=" " ind2=" " tag="500"><subfield code="a">Published daily as "Extra fair daily": Sept. 26-30, 1911; Sept. 17-20, 1912; Sept. 22-26, 1913; and Sept. 5-7, 1917.</subfield></datafield><datafield ind1=" " ind2=" " tag="515"><subfield code="a">Numbering irregular.</subfield></datafield><datafield ind1=" " ind2="4" tag="651"><subfield code="a">Basin (Wyo.)</subfield><subfield code="v">Newspapers.</subfield></datafield><datafield ind1=" " ind2=" " tag="752"><subfield code="a">United States</subfield><subfield code="b">Wyoming</subfield><subfield code="c">Big Horn</subfield><subfield code="d">Basin.</subfield></datafield><datafield ind1="0" ind2="7" tag="785"><subfield code="t">Big Horn County rustler</subfield><subfield code="w">(DLC)sn 92066946</subfield></datafield><datafield ind1="0" ind2="7" tag="785"><subfield code="t">Basin Republican-rustler</subfield><subfield code="w">(DLC)sn 92066948</subfield></datafield><datafield ind1="1" ind2=" " tag="029"><subfield code="a">AU@</subfield><subfield code="b">000025847622</subfield></datafield></record>